

@Manual{R,
  title = {\proglang{R}: {A} Language and Environment for Statistical Computing},
  author = {{\proglang{R} Core Team}},
  organization = {\proglang{R} Foundation for Statistical Computing},
  address = {Vienna, Austria},
  year = {2017},
  url = {https://www.R-project.org/},
}

@Manual{Jackman:2015,
  title = {\pkg{pscl}: Classes and Methods for \proglang{R} Developed in the Political Science Computational Laboratory, Stanford University},
  author = {Simon Jackman},
  year = {2015},
  note = {\proglang{R} package version 1.4.9},
  url = {https://CRAN.R-project.org/package=pscl},
}

@Manual{aTSA2015,
  title = {\pkg{aTSA}: Alternative Time Series Analysis},
  author = {Debin Qiu},
  year = {2015},
  note = {\proglang{R} package version 3.1.2},
  url = {https://CRAN.R-project.org/package=aTSA},
}

@Manual{egcm2017,
  title = {\pkg{egcm}: Engle-Granger Cointegration Models},
  author = {Matthew Clegg},
  year = {2017},
  note = {\proglang{R} package version 1.0.12},
  url = {https://CRAN.R-project.org/package=egcm},
}

@ARTICLE{EngleGranger1987,
  author = {Engle, Robert F. and Granger, Clive W. J},
  title = {Co-integration and error correction: Representation, estimation and testing},
  journal = {Econometrica},
  year = {1987},
  volume = {55},
  number = {2},
  pages = {251–-276},
}

@Manual{urca2016,
  title = {\pkg{urca}: Unit Root and Cointegration Tests for Time Series Data},
  author = {Bernhard Pfaff and Eric Zivot and Matthieu Stigler},
  year = {2016},
  note = {\proglang{R} package version 1.3-0},
  url = {https://CRAN.R-project.org/package=urcs},
}

@Manual{tseries2019,
  title = {\pkg{tseries}: Time Series Analysis and Computational Finance},
  author = {Adrian Trapletti and Kurt Hornik and Blake LeBaron},
  year = {2019},
  note = {\proglang{R} package version 0.10-47},
  url = {https://CRAN.R-project.org/package=tseries},
}


@ARTICLE{PhillipsOuliaris1990,
  author = {Phillips, P.C.B. and Ouliaris, S.},
  title = {, Asymptotic properties of residual based tests for cointegration},
  journal = {Econometrica},
  year = {1990},
  volume = {58},
  number = {1},
  pages = {165–-193},
}

@Manual{tsDyn2020,
  title = {\pkg{tsDyn}: Nonlinear Time Series Models with Regime Switching},
  author = {Antonio Fabio Di Narzo and Jose Luis Aznarte and Matthieu Stigler and Ho Tsung-wu},
  year = {2020},
  note = {\proglang{R} package version 10-1.2},
  url = {https://CRAN.R-project.org/package=tsDyn},
}

@Manual{cointReg2016,
  title = {\pkg{cointReg}: Parameter Estimation and Inference in a Cointegrating Regression},
  author = {Philipp Aschersleben and Martin Wagner},
  year = {2016},
  note = {\proglang{R} package version 0.2.0},
  url = {https://CRAN.R-project.org/package=cointReg},
}

@Manual{fracdiff2020,
  title = {\pkg{fracdiff}: Fractionally Differenced ARIMA aka ARFIMA(P,d,q) Models},
  author = {Martin Maechler and Chris Fraley and Friedrich Leisch and Valderio Reisen and Artur Lemonte and Rob Hyndman},
  year = {2020},
  note = {\proglang{R} package version 1.5-1},
  url = {https://CRAN.R-project.org/package=fracdiff},
}

@Manual{LongMemoryTS2019,
  title = {\pkg{LongMemoryTS}: Long Memory Time Series},
  author = {Christian Leschinski and Michelle Voges and Kai Wenger},
  year = {2019},
  note = {\proglang{R} package version 0.1.0},
  url = {https://CRAN.R-project.org/package=LongMemoryTS},
}

@Manual{arfima2018,
  title = {\pkg{arfima}: Fractional ARIMA (and Other Long Memory) Time Series Modeling},
  author = {Justin Q. Veenstra and A.I. McLeod},
  year = {2018},
  note = {\proglang{R} package version 1.7-0},
  url = {https://CRAN.R-project.org/package=arfima},
}

@Manual{nsarfima2019,
  title = {\pkg{nsarfima}: Methods for Fitting and Simulating Non-Stationary ARFIMA Models},
  author = {Benjamin Groebe},
  year = {2019},
  note = {\proglang{R} package version 0.1.0.0},
  url = {https://CRAN.R-project.org/package=nsarfima},
}






@ARTICLE{JN2018b,
	author = {Johansen, S{\o}ren and Nielsen, Morten {\O}rregaard},
	title = {Nonstationary Cointegration in the Fractionally Cointegrated {VAR} Model},
	note = {QED working paper 1405, Queen's University},
	year = {2018}
}

@ARTICLE{JN2018,
	author = {Johansen, S{\o}ren and Nielsen, Morten {\O}rregaard},
	title = {Testing the {CVAR} in the Fractional {CVAR} Model},
	note = {Forthcoming in \emph{Journal of Time Series Analysis}},
	year = {2018}
}

@ARTICLE{Carlini2014,
	author = {F. Carlini and P. S. {de Magistris}},
	title = {On the Identification of Fractionally Cointegrated {VAR} Models with the {F(d)} Condition},
	note = {Forthcoming in \emph{Journal of Business \& Economic Statistics}},
	year = {2017}
}

@ARTICLE{Doornik2016,
	author = {J. A. Doornik},
	title = {Accelerated Estimation of Switching Algorithms: The Cointegrated {VAR} Model and other Applications},
	note = {Forthcoming in \emph{Scandinavian Journal of Statistics}},
	year = {2018}
}

@ARTICLE{Cavaliere2010,
	author = {G. Cavaliere and A. Rahbek and A. M. R. Taylor},
	title = {Testing for Co-integration in Vector Autoregressions with Non-stationary Volatility},
	journal = {Journal of Econometrics},
	year = {2010},
	volume = {158},
	pages = {7--24}
}

@ARTICLE{Boswijk2013,
	author = {H. P. Boswijk and G. Cavaliere and A. Rahbek and A. M. R. Taylor},
	title = {Inference on Co-integration Parameters in Heteroskedastic Vector Autoregressions},
	journal = {Journal of Econometrics},
	year = {2016},
	volume = {192},
	pages = {64--85}
}
@ARTICLE{JNP2014,
	author = {Maggie Jones and Morten {\O}rregaard Nielsen and {Micha\l{}} Ksawery Popiel},
	title = {A Fractionally Cointegrated {VAR} Analysis of Economic Voting and Political Support},
	journal = {Canadian Journal of Economics},
	year = {2014},
	volume = {47},
	pages = {1078--1130}
}

@ARTICLE{Dolatabadi2014,
	author = {Sepideh Dolatabadi and Morten {\O}rregaard Nielsen and Ke Xu},
	title = {A Fractionally Cointegrated {VAR} Model with Deterministic Trends and Application to Commodity Futures Markets},
	journal = {Journal of Empirical Finance},
	volume = {38B},
	year = {2016},
	pages = {623--639}
}

@ARTICLE{Jensen2014,
  author = {Jensen, Andreas Noack and Nielsen, Morten {\O}rregaard},
  title = {A Fast Fractional Difference Algorithm},
  year = {2014},
  journal = {Journal of Time Series Analysis},
  volume = {35},
  pages = {428--436}
}

@ARTICLE{Boswijk2004,
  author = {Boswijk, H. Peter and Doornik, Jurgen A.},
  title = {Identifying, Estimating and Testing Restricted Cointegrated Systems: An Overview},
  year = {2004},
  journal = {Statistica Neerlandica},
  volume = {58},
  pages = {440--465}
}

@BOOK{Johansen1995,
  title = {Likelihood-Based Inference in Cointegrated Vector Autoregressive
	Models},
  publisher = {Oxford University Press},
  year = {1995},
  author = {Johansen, S{\o}ren},
  address = {New York}
}

@ARTICLE{Johansen2008,
  author = {Johansen, S{\o}ren},
  title = {A Representation Theory for a Class of Vector Autoregressive Models
	for Fractional Processes},
  journal = {Econometric Theory},
  year = {2008},
  volume = {24},
  pages = {651--676}
}

@ARTICLE{johansen2014initial,
  author = {Johansen, S{\o}ren and Nielsen, Morten {\O}rregaard},
  title = {The Role of Initial Values in Conditional Sum-of-Squares Estimation of Nonstationary Fractional Time Series Models},
  year = {2016},
  journal = {Econometric Theory},
  volume = {32},
  pages = {1095--1139}
}

@ARTICLE{johansen2012likelihood,
  author = {Johansen, S{\o}ren and Nielsen, Morten {\O}rregaard},
  title = {Likelihood Inference for a Fractionally Cointegrated Vector Autoregressive
	Model},
  journal = {Econometrica},
  year = {2012},
  volume = {80},
  pages = {2667--2732},
}

@ARTICLE{johniel2010,
  author = {Johansen, S{\o}ren and Nielsen, Morten {\O}rregaard},
  title = {Likelihood Inference for a Nonstationary Fractional Autoregressive
	Model},
  journal = {Journal of Econometrics},
  year = {2010},
  volume = {158},
  pages = {51--66}
}

@BOOK{Juselius2006,
  title = {The Cointegrated VAR Model},
  publisher = {Oxford University Press},
  year = {2006},
  author = {Juselius, Katarina},
  owner = {maggiejones},
  timestamp = {2014.03.10}
}

@ARTICLE{mackinnon2014numerical,
  author = {MacKinnon, James G and Nielsen, Morten {\O}rregaard},
  title = {Numerical Distribution Functions of Fractional Unit Root and Cointegration
	Tests},
  journal = {Journal of Applied Econometrics},
  year = {2014},
  volume = {29},
  pages = {161--171}
}

@ARTICLE{Nielsen2013,
  author = {Nielsen, Morten {\O}rregaard and Morin, Lealand},
  title = {{FCVARmodel.m:} A {Matlab} Software Package for Estimation and Testing
	in the Fractionally Cointegrated {VAR} Model},
  year = {2014},
  note = {QED working paper 1273, Queen's University}
}

@ARTICLE{Nielsen2016,
  author = {Nielsen, Morten {\O}rregaard and Popiel, Micha\l{} Ksawery },
  title = {A {Matlab} Program and User's Guide for the Fractionally Cointegrated {VAR} model},
  year = {2016},
  note = {QED working paper 1330, Queen's University}
}






